@techreport{achdou17,
  title={Income and wealth distribution in macroeconomics: A continuous-time approach},
  author={Achdou, Yves and Han, Jiequn and Lasry, Jean-Michel and Lions, Pierre-Louis and Moll, Benjamin},
  year={2017},
  institution={National Bureau of Economic Research}
}